<ENVELOPE>
<HEADER><TALLYREQUEST>Import Data</TALLYREQUEST></HEADER>
<BODY>
<IMPORTDATA>
<REQUESTDESC>
<REPORTNAME>Vouchers</REPORTNAME>
<STATICVARIABLES><SVCURRENTCOMPANY>Hotel Sky 5 2026-27</SVCURRENTCOMPANY></STATICVARIABLES>
</REQUESTDESC>
<REQUESTDATA>
<TALLYMESSAGE xmlns:UDF="TallyUDF">
<VOUCHER REMOTEID="Test-Upsert-123" VCHTYPE="Journal" ACTION="Create">
    <DATE>10-Jul-26</DATE>
    <VOUCHERTYPENAME>Journal</VOUCHERTYPENAME>
    <VOUCHERNUMBER>TEST-123</VOUCHERNUMBER>
    <ALLLEDGERENTRIES.LIST>
        <LEDGERNAME>Cash</LEDGERNAME>
        <ISDEEMEDPOSITIVE>Yes</ISDEEMEDPOSITIVE>
        <AMOUNT>-10.00</AMOUNT>
    </ALLLEDGERENTRIES.LIST>
    <ALLLEDGERENTRIES.LIST>
        <LEDGERNAME>Sale 5% Haryana B2C</LEDGERNAME>
        <ISDEEMEDPOSITIVE>No</ISDEEMEDPOSITIVE>
        <AMOUNT>10.00</AMOUNT>
    </ALLLEDGERENTRIES.LIST>
</VOUCHER>
</TALLYMESSAGE>
</REQUESTDATA>
</IMPORTDATA>
</BODY>
</ENVELOPE>
