<ENVELOPE>
<HEADER>
<TALLYREQUEST>Import Data</TALLYREQUEST>
</HEADER>
<BODY>
<IMPORTDATA>
<REQUESTDESC>
<REPORTNAME>Vouchers</REPORTNAME>
<STATICVARIABLES>
<SVCURRENTCOMPANY>Hotel Sky 5 2026-27</SVCURRENTCOMPANY>
</STATICVARIABLES>
</REQUESTDESC>
<REQUESTDATA>

        <TALLYMESSAGE xmlns:UDF="TallyUDF">
            <VOUCHER REMOTEID="HotelSky5-FOC1-POS-16596-23/24" VCHTYPE="Journal" ACTION="Create" OBJVIEW="Accounting Voucher View">
                <DATE>20260709</DATE>
                <VOUCHERTYPENAME>Journal</VOUCHERTYPENAME>
                <VOUCHERNUMBER>FOC1-POS-16596-23/24</VOUCHERNUMBER>
                <ALLLEDGERENTRIES.LIST>
                    <LEDGERNAME>Walk-In Customer</LEDGERNAME>
                    <ISDEEMEDPOSITIVE>Yes</ISDEEMEDPOSITIVE>
                    <AMOUNT>-152.39</AMOUNT>
                </ALLLEDGERENTRIES.LIST>
                <ALLLEDGERENTRIES.LIST>
                    <LEDGERNAME>FOC Food Consumption</LEDGERNAME>
                    <ISDEEMEDPOSITIVE>No</ISDEEMEDPOSITIVE>
                    <AMOUNT>152.39</AMOUNT>
                    
                    <CATEGORYALLOCATIONS.LIST>
                        <CATEGORY>Rooms</CATEGORY>
                        <COSTCENTREALLOCATIONS.LIST>
                            <NAME>Room 104</NAME>
                            <AMOUNT>152.39</AMOUNT>
                        </COSTCENTREALLOCATIONS.LIST>
                    </CATEGORYALLOCATIONS.LIST>
                    <INVENTORYALLOCATIONS.LIST>
                        <STOCKITEMNAME>Bread Toast (4pcs)</STOCKITEMNAME>
                        <ISDEEMEDPOSITIVE>No</ISDEEMEDPOSITIVE>
                        <RATE>47.62/Nos</RATE>
                        <AMOUNT>47.62</AMOUNT>
                        <ACTUALQTY> 1 Nos</ACTUALQTY>
                        <BILLEDQTY> 1 Nos</BILLEDQTY>
                    </INVENTORYALLOCATIONS.LIST>
                    <INVENTORYALLOCATIONS.LIST>
                        <STOCKITEMNAME>Poha</STOCKITEMNAME>
                        <ISDEEMEDPOSITIVE>No</ISDEEMEDPOSITIVE>
                        <RATE>66.67/Nos</RATE>
                        <AMOUNT>66.67</AMOUNT>
                        <ACTUALQTY> 1 Nos</ACTUALQTY>
                        <BILLEDQTY> 1 Nos</BILLEDQTY>
                    </INVENTORYALLOCATIONS.LIST>
                    <INVENTORYALLOCATIONS.LIST>
                        <STOCKITEMNAME>Tea</STOCKITEMNAME>
                        <ISDEEMEDPOSITIVE>No</ISDEEMEDPOSITIVE>
                        <RATE>38.1/Nos</RATE>
                        <AMOUNT>38.1</AMOUNT>
                        <ACTUALQTY> 1 Nos</ACTUALQTY>
                        <BILLEDQTY> 1 Nos</BILLEDQTY>
                    </INVENTORYALLOCATIONS.LIST>
                </ALLLEDGERENTRIES.LIST>
            </VOUCHER>
        </TALLYMESSAGE>
        <TALLYMESSAGE xmlns:UDF="TallyUDF">
            <VOUCHER REMOTEID="HotelSky5-FOC2-POS-16596-23/24" VCHTYPE="Journal" ACTION="Create" OBJVIEW="Accounting Voucher View">
                <DATE>20260709</DATE>
                <VOUCHERTYPENAME>Journal</VOUCHERTYPENAME>
                <VOUCHERNUMBER>FOC2-POS-16596-23/24</VOUCHERNUMBER>
                <ALLLEDGERENTRIES.LIST>
                    <LEDGERNAME>Complementary Food Expense</LEDGERNAME>
                    <ISDEEMEDPOSITIVE>Yes</ISDEEMEDPOSITIVE>
                    <AMOUNT>-152.39</AMOUNT>
                    
                    <CATEGORYALLOCATIONS.LIST>
                        <CATEGORY>Rooms</CATEGORY>
                        <COSTCENTREALLOCATIONS.LIST>
                            <NAME>Room 104</NAME>
                            <AMOUNT>-152.39</AMOUNT>
                        </COSTCENTREALLOCATIONS.LIST>
                    </CATEGORYALLOCATIONS.LIST>
                </ALLLEDGERENTRIES.LIST>
                <ALLLEDGERENTRIES.LIST>
                    <LEDGERNAME>Walk-In Customer</LEDGERNAME>
                    <ISDEEMEDPOSITIVE>No</ISDEEMEDPOSITIVE>
                    <AMOUNT>152.39</AMOUNT>
                </ALLLEDGERENTRIES.LIST>
            </VOUCHER>
        </TALLYMESSAGE></REQUESTDATA>
</IMPORTDATA>
</BODY>
</ENVELOPE>